@article{Lima:2013a,
  author = {{Lima}, B. and {Alves}, H.},
  journal = {Organs, Tissues & Cells},
  number = {16},
  pages = {19--26},
  title = {{HLA-A, -C, -B, AND -DRB1 allele ic and haplotypic diversity in bone marrow volunteer donors from
  northern Portugal}},
  url = {https://12f11c1f-960a-f627-594d-b8ce276384f7.filesusr.com/ugd/3e838e_dc548dede99a4db5869c3d2c20c2d16f.pdf?index=true},
  year = {2013}
}

@article{Lima:2022a,
  doi = {10.21105/joss.04807},
  url = {https://doi.org/10.21105/joss.04807},
  year = {2022},
  publisher = {The Open Journal},
  volume = {7},
  number = {80},
  pages = {4807},
  author = {{Lima}, B. and {Reis}, F.},
  title = {histoc: Histocompatibility analysis performed by kidney allocation systems},
  journal = {Journal of Open Source Software}
}

@article{Lima:2022b,
  author = {{Lima}, B. and {Henriques}, T. and {Alves}, H.},
  doi = {10.1016/j.trim.2022.101578},
  journal = {Transplant Immunology},
  pages = {101578},
  title = {{Kidney allocation rules simulator}},
  url = {https://doi.org/10.1016/j.trim.2022.101578},
  volume = {72},
  year = {2022}
}


@misc{R,
  title = {R: A Language and Environment for Statistical Computing},
  author = {{R Core Team}},
  organization = {R Foundation for Statistical Computing},
  address = {Vienna, Austria},
  year = {2021},
  url = {https://www.R-project.org/},
}

@article{Lima:2013b,
  author = {{Lima}, B. and {Mendes}, M. and {Alves}, H.},
  journal = {Portuguese Journal of Nephrology & Hypertension},
  number = {4},
  pages = {313--316},
  title = {{Kidney Transplant allocation in Portugal}},
  url = {http://www.bbg01.com/cdn/clientes/spnefro/pjnh/46/artigo_14.pdf},
  volume = {27},
  year = {2013}
}

@misc{ET,
  author = {EuroTransplant},
  title = {{ETKAS and ESP}},
  url = {https://www.eurotransplant.org/allocation/eurotransplant-manual/},
  year = {2020}
}

@misc{UK,
  author = {{National Health Service Blood and Transplant}},
  title = {{UK Transplant Registry, Organ Donation and Transplantation}},
  url = {http://odt.nhs.uk/uk-transplant-registry/data/},
  year = {2017}
}

@misc{PT,
  title = {Ordinance nÂº 6537/2007},
  author = {{Ministry of Health}},
  year = {2007},
  url = {http://www.ipst.pt/files/TRANSPLANTACAO/DOACAOETRANSPLANTACAO/Despacho_6537_2007.pdf}
}

@article{Lima:2020,
  author = {{Lima}, B. and {Alves}, H.},
  doi = {10.32932/pjnh.2020.07.070},
  issn = {08720169},
  journal = {Portuguese Journal of Nephrology & Hypertension},
  number = {2},
  pages = {76--78},
  title = {{Access to kidney transplantation: a bioethical perspective}},
  volume = 34,
  year = 2020,
  url = {https://cdn02.spnefro.pt/advaccess/253/Nefro342PerspectiveAccesstokidneytransplantation.pdf}
}

@article{Gonzales:2023,
  author = {Gonzales, Aldren and Guruswamy, Guruprabha and Smith, Scott R.},
  doi = {10.1371/journal.pdig.0000082},
  journal = {PLOS Digital Health},
  number = {1},
  pages = {e0000082},
  title = {{Synthetic data in health care: A narrative review}},
  url = {http://dx.doi.org/10.1371/journal.pdig.0000082},
  volume = {2},
  year = {2023}
}

@article{Walonoski:2018,
  author = {Walonoski, Jason and Kramer, Mark and Nichols, Joseph and Quina, Andre and Moesel, Chris and Hall,
  Dylan and Duffett, Carlton and Dube, Kudakwashe and Gallagher, Thomas and McLachlan, Scott},
  doi = {10.1093/jamia/ocx079},
  issn = {1067-5027},
  journal = {Journal of the American Medical Informatics Association},
  number = {3},
  pages = {230--238},
  title = {{Synthea: An approach, method, and software mechanism for generating synthetic patients and the
  synthetic electronic health care record}},
  url = {https://academic.oup.com/jamia/article/25/3/230/4098271},
  volume = {25},
  year = {2018}
}

@book{Philpott:2017,
  author = {Philpott, Don},
  publisher = {Bernan Press},
  title = {{A guide to Federal terms and Acronyms}},
  year = {2017}
}

@article{Chen:2019,
  author = {Chen, Junqiao and Chun, David and Patel, Milesh and Chiang, Epson and James, Jesse},
  doi = {10.1186/s12911-019-0793-0},
  journal = {BMC Medical Informatics and Decision Making},
  number = {1},
  pages = {1--9},
  title = {{The validity of synthetic clinical data: A validation study of a leading synthetic data generator
  (Synthea) using clinical quality measures}},
  volume = {19},
  year = {2019}
}

@online{ctv:2021,
  author = {{Lima}, B},
  title = {a draft for a CRAN task view on Synthetic Data},
  year = 2021,
  url = {https://github.com/balima78/SyntheticData},
  urldate = {2023-08-02}
}


@online{nmdp:2023,
  author = {NMDP},
  title = {A-B-DRB1 224 Haplotype Frequencies},
  year = 2023,
  url = {https://bioinformatics.bethematchclinical.org/hla-resources/haplotype-frequencies/a-b-drb1-224-haplotype-frequencies/},
  urldate = {2023-08-02}
}

@misc{transplantr,
  title = {transplantr: Audit and Research Functions for Transplantation},
  author = {{Asher}, J},
  year = {2020},
  url = {https://cran.r-project.org/web/packages/transplantr/index.html},
  note = {R package version 0.2.0},
}

@article{Gragert:2013,
  author = {Gragert, Loren and Madbouly, Abeer and Freeman, John and Maiers, Martin},
  doi = {10.1016/j.humimm.2013.06.025},
  journal = {Human Immunology},
  number = {10},
  pages = {1313--1320},
  title = {{Six-locus high resolution HLA haplotype frequencies derived from mixed-resolution DNA typing for the entire US donor registry}},
  url = {https://linkinghub.elsevier.com/retrieve/pii/S0198885913001821},
  volume = {74},
  year = {2013}
}
